<?xml version="1.0" encoding="UTF-8"?><collection xmlns="http://www.loc.gov/MARC21/slim"><record><leader>00555nam--2200205-i-4500</leader><controlfield tag="001">000036394</controlfield><controlfield tag="002">20161230</controlfield><controlfield tag="005">20161230201040</controlfield><controlfield tag="008">060222s1000------------r-----000-0-eng-d</controlfield><datafield ind1=" " ind2=" " tag="040"><subfield code="a">IFIN-HH</subfield></datafield><datafield ind1=" " ind2=" " tag="080"><subfield code="a">53:519.24</subfield></datafield><datafield ind1="1" ind2=" " tag="100"><subfield code="a">Portis, Alan M</subfield></datafield><datafield ind1="1" ind2="0" tag="245"><subfield code="a">Mathematics and statistics</subfield><subfield code="c">Alan m. portis, hugh d. young</subfield></datafield><datafield ind1=" " ind2=" " tag="250"><subfield code="a">Second Edition</subfield></datafield><datafield ind1=" " ind2=" " tag="260"><subfield code="a">New York</subfield><subfield code="b">Mcgraw-hill Book Comp</subfield><subfield code="c">1971</subfield></datafield><datafield ind1=" " ind2=" " tag="300"><subfield code="a">PAG. DIF</subfield></datafield><datafield ind1=" " ind2=" " tag="490"><subfield code="a">Berkeley Physics Laboratory</subfield></datafield><datafield ind1="1" ind2=" " tag="700"><subfield code="a">Young, Hugh D</subfield></datafield><datafield ind1=" " ind2=" " tag="852"><subfield code="a">35586</subfield><subfield code="c">53.08</subfield></datafield><datafield ind1=" " ind2=" " tag="CAT"><subfield code="a">Sys</subfield><subfield code="c">20151029</subfield><subfield code="h">093835</subfield></datafield></record></collection>